<record><leader>00000cas a2200000 a 4500</leader><controlfield tag="001">1765711</controlfield><controlfield tag="008">751101d19471962nyuqr p       0    0eng c</controlfield><datafield ind1=" " ind2=" " tag="010"><subfield code="a">sn 92060630 </subfield></datafield><datafield ind1=" " ind2=" " tag="040"><subfield code="a">MUL</subfield><subfield code="b">eng</subfield><subfield code="c">MUL</subfield><subfield code="d">NYG</subfield><subfield code="d">YOX</subfield><subfield code="d">CNK</subfield><subfield code="d">CRL</subfield><subfield code="d">CVF</subfield><subfield code="d">OCL</subfield><subfield code="d">NYS</subfield><subfield code="d">UKMGB</subfield><subfield code="d">CUV</subfield><subfield code="d">OCLCQ</subfield><subfield code="d">OCLCF</subfield><subfield code="d">OCLCO</subfield></datafield><datafield ind1="7" ind2=" " tag="016"><subfield code="a">013933554</subfield><subfield code="2">Uk</subfield></datafield><datafield ind1="1" ind2=" " tag="029"><subfield code="a">AU@</subfield><subfield code="b">000020720146</subfield></datafield><datafield ind1=" " ind2=" " tag="042"><subfield code="a">pcc</subfield></datafield><datafield ind1=" " ind2=" " tag="043"><subfield code="a">n-us---</subfield><subfield code="a">n-us-ny</subfield></datafield><datafield ind1=" " ind2="4" tag="050"><subfield code="a">HX80</subfield><subfield code="b">.S63</subfield></datafield><datafield ind1=" " ind2=" " tag="092"><subfield code="a">335.05</subfield><subfield code="b">qS678</subfield></datafield><datafield ind1="0" ind2=" " tag="130"><subfield code="a">Socialist call (New York, N.Y. : 1947)</subfield></datafield><datafield ind1="1" ind2="0" tag="245"><subfield code="a">Socialist call.</subfield></datafield><datafield ind1="1" ind2=" " tag="246"><subfield code="i">Issues for Dec. 2, 1949-June 9, 1950 have title:</subfield><subfield code="a">Call</subfield></datafield><datafield ind1=" " ind2=" " tag="260"><subfield code="a">New York, N.Y. :</subfield><subfield code="b">National Committee of the Socialist Party, U.S.A.,</subfield><subfield code="c">1947-1962.</subfield></datafield><datafield ind1=" " ind2=" " tag="300"><subfield code="a">16 v. ;</subfield><subfield code="c">26-28 cm.</subfield></datafield><datafield ind1=" " ind2=" " tag="310"><subfield code="a">Quarterly,</subfield><subfield code="b">Summer 1959-Spring 1962</subfield></datafield><datafield ind1=" " ind2=" " tag="321"><subfield code="a">Weekly,</subfield><subfield code="b">Oct. 10, 1947-Mar. 11, 1949</subfield></datafield><datafield ind1=" " ind2=" " tag="321"><subfield code="a">Biweekly,</subfield><subfield code="b">Mar. 25, 1949-Sept. 4, 1953</subfield></datafield><datafield ind1=" " ind2=" " tag="321"><subfield code="a">Monthly,</subfield><subfield code="b">Oct. 1953-Oct. 1958</subfield></datafield><datafield ind1=" " ind2=" " tag="321"><subfield code="a">Bimonthly,</subfield><subfield code="b">Nov./Dec, 1958-May/June, 1959</subfield></datafield><datafield ind1="0" ind2=" " tag="362"><subfield code="a">Vol. 14, no. 39 (Oct. 10, 1947)-v. 29, no. 1 (spring 1962).</subfield></datafield><datafield ind1=" " ind2=" " tag="500"><subfield code="a">Published as newspaper, Oct. 10, 1947-Sept. 4, 1953; became periodical with Oct. 1953 issue, changing its format, frequency and content.</subfield></datafield><datafield ind1=" " ind2=" " tag="515"><subfield code="a">Issues for Oct. 10, 1947-&lt;Dec. 26, 1952&gt; also called total no. 622-&lt;790&gt;</subfield></datafield><datafield ind1=" " ind2=" " tag="530"><subfield code="a">Also issued on microfilm from the New York Public Library.</subfield></datafield><datafield ind1=" " ind2=" " tag="550"><subfield code="a">Official organ of: Socialist Party, Oct. 10, 1947-Dec. 1956; Socialist Party-Social Democratic Federation, Jan./Feb. 1957-Spring 1962.</subfield></datafield><datafield ind1=" " ind2="0" tag="650"><subfield code="a">Socialism</subfield><subfield code="z">United States</subfield><subfield code="v">Newspapers.</subfield></datafield><datafield ind1=" " ind2="0" tag="650"><subfield code="a">Socialism</subfield><subfield code="z">United States</subfield><subfield code="v">Periodicals.</subfield></datafield><datafield ind1=" " ind2="0" tag="650"><subfield code="a">Socialism</subfield><subfield code="v">Periodicals.</subfield></datafield><datafield ind1=" " ind2="0" tag="651"><subfield code="a">New York (N.Y.)</subfield><subfield code="v">Newspapers.</subfield></datafield><datafield ind1=" " ind2="0" tag="651"><subfield code="a">New York County (N.Y.)</subfield><subfield code="v">Newspapers.</subfield></datafield><datafield ind1=" " ind2="7" tag="655"><subfield code="a">Newspapers.</subfield><subfield code="2">fast</subfield><subfield code="0">(OCoLC)fst01423814</subfield></datafield><datafield ind1=" " ind2="7" tag="655"><subfield code="a">Periodicals.</subfield><subfield code="2">fast</subfield><subfield code="0">(OCoLC)fst01411641</subfield></datafield><datafield ind1=" " ind2="7" tag="650"><subfield code="a">Socialism.</subfield><subfield code="2">fast</subfield><subfield code="0">(OCoLC)fst01123637</subfield></datafield><datafield ind1=" " ind2="7" tag="651"><subfield code="a">New York (State)</subfield><subfield code="z">New York.</subfield><subfield code="2">fast</subfield><subfield code="0">(OCoLC)fst01204333</subfield></datafield><datafield ind1=" " ind2="7" tag="651"><subfield code="a">New York (State)</subfield><subfield code="z">New York County.</subfield><subfield code="2">fast</subfield><subfield code="0">(OCoLC)fst01234953</subfield></datafield><datafield ind1=" " ind2="7" tag="651"><subfield code="a">United States.</subfield><subfield code="2">fast</subfield><subfield code="0">(OCoLC)fst01204155</subfield></datafield><datafield ind1="2" ind2=" " tag="710"><subfield code="a">Socialist Party (U.S.)</subfield></datafield><datafield ind1="2" ind2=" " tag="710"><subfield code="a">Socialist Party-Social Democratic Federation.</subfield></datafield><datafield ind1=" " ind2=" " tag="752"><subfield code="a">United States</subfield><subfield code="b">New York</subfield><subfield code="c">New York</subfield><subfield code="d">New York.</subfield></datafield><datafield ind1="1" ind2=" " tag="776"><subfield code="t">Socialist call (New York, N.Y. : 1947)</subfield><subfield code="w">(DLC)sn 94092099</subfield><subfield code="w">(OCoLC)10572189</subfield></datafield><datafield ind1="0" ind2="0" tag="780"><subfield code="t">Call (Milwaukee, Wis. : 1939)</subfield><subfield code="w">(DLC)sn 92060629</subfield><subfield code="w">(OCoLC)27231354</subfield></datafield></record>